@Book{bk_key,
	Author					= {Some Author},
	Title					= {Some Title},
	Publisher				= {Some Publisher},
	Year					= {Year},
	Edition					= {Number},
	ISBN					= {Some ISBN}
}

@Unpublished{up_key,
	Title                    = {SomeTitle},
	Author                   = {WhoWroteIt},
	Note                     = {URLIfItIsOnline},
	Year                     = {Year}
}